<?xml version="1.0" encoding="UTF-8"?><record xmlns="http://www.loc.gov/MARC21/slim" xmlns:cinclude="http://apache.org/cocoon/include/1.0" xmlns:zs="http://www.loc.gov/zing/srw/">
  <leader>00821cz  a2200229n  4500</leader>
  <controlfield tag="001">no2003003916</controlfield>
  <controlfield tag="003">DLC</controlfield>
  <controlfield tag="005">20150313104438.0</controlfield>
  <controlfield tag="008">030114n| azannaabn          |a aaa     c</controlfield>
  <datafield tag="010" ind1=" " ind2=" ">
    <subfield code="a">no2003003916</subfield>
  </datafield>
  <datafield tag="035" ind1=" " ind2=" ">
    <subfield code="a">(OCoLC)oca05949762</subfield>
  </datafield>
  <datafield tag="040" ind1=" " ind2=" ">
    <subfield code="a">FU</subfield>
    <subfield code="b">eng</subfield>
    <subfield code="e">rda</subfield>
    <subfield code="c">FU</subfield>
    <subfield code="d">DLC</subfield>
  </datafield>
  <datafield tag="046" ind1=" " ind2=" ">
    <subfield code="f">1928</subfield>
    <subfield code="g">2013</subfield>
  </datafield>
  <datafield tag="100" ind1="1" ind2=" ">
    <subfield code="a">Vidal, Antonio,</subfield>
    <subfield code="d">1928-2013</subfield>
  </datafield>
  <datafield tag="370" ind1=" " ind2=" ">
    <subfield code="a">Havana (Cuba)</subfield>
    <subfield code="b">Havana (Cuba)</subfield>
    <subfield code="2">naf</subfield>
  </datafield>
  <datafield tag="374" ind1=" " ind2=" ">
    <subfield code="a">Painter</subfield>
    <subfield code="a">Sculptor</subfield>
  </datafield>
  <datafield tag="375" ind1=" " ind2=" ">
    <subfield code="a">male</subfield>
  </datafield>
  <datafield tag="377" ind1=" " ind2=" ">
    <subfield code="a">spa</subfield>
  </datafield>
  <datafield tag="400" ind1="1" ind2=" ">
    <subfield code="a">Vidal Fernaﾌ］dez, Antonio,</subfield>
    <subfield code="d">1928-2013</subfield>
  </datafield>
  <datafield tag="400" ind1="1" ind2=" ">
    <subfield code="a">Fernaﾌ］dez, Antonio Vidal,</subfield>
    <subfield code="d">1928-2013</subfield>
  </datafield>
  <datafield tag="670" ind1=" " ind2=" ">
    <subfield code="a">Antonio Vidal, Premio Nacional de Artes Plaﾌ《ticas 1999, 2000?:</subfield>
    <subfield code="b">t.p. (Antonio Vidal) p. 33 (b. 1928)</subfield>
  </datafield>
  <datafield tag="670" ind1=" " ind2=" ">
    <subfield code="a">Antonio Vidal, 2013:</subfield>
    <subfield code="b">t.p. (Antonio Vidal) p. (Antonio Vidal Fernaﾌ］dez; b. 1928; d. 2013, La Habana; artist, painter, sculptor)</subfield>
  </datafield>
</record>